@book{kuhn2012structure,
  title={The structure of scientific revolutions},
  author={Kuhn, Thomas S},
  year={2012},
  publisher={University of Chicago press}
}

@ARTICLE{2015ApJ...798....7B,
   author = {{Bundy}, K. and {Bershady}, M.~A. and {Law}, D.~R. and {Yan}, R. and 
	{Drory}, N. and {MacDonald}, N. and {Wake}, D.~A. and {Cherinka}, B. and 
	{S{\'a}nchez-Gallego}, J.~R. and {Weijmans}, A.-M. and {Thomas}, D. and 
	{Tremonti}, C. and {Masters}, K. and {Coccato}, L. and {Diamond-Stanic}, A.~M. and 
	{Arag{\'o}n-Salamanca}, A. and {Avila-Reese}, V. and {Badenes}, C. and 
	{Falc{\'o}n-Barroso}, J. and {Belfiore}, F. and {Bizyaev}, D. and 
	{Blanc}, G.~A. and {Bland-Hawthorn}, J. and {Blanton}, M.~R. and 
	{Brownstein}, J.~R. and {Byler}, N. and {Cappellari}, M. and 
	{Conroy}, C. and {Dutton}, A.~A. and {Emsellem}, E. and {Etherington}, J. and 
	{Frinchaboy}, P.~M. and {Fu}, H. and {Gunn}, J.~E. and {Harding}, P. and 
	{Johnston}, E.~J. and {Kauffmann}, G. and {Kinemuchi}, K. and 
	{Klaene}, M.~A. and {Knapen}, J.~H. and {Leauthaud}, A. and 
	{Li}, C. and {Lin}, L. and {Maiolino}, R. and {Malanushenko}, V. and 
	{Malanushenko}, E. and {Mao}, S. and {Maraston}, C. and {McDermid}, R.~M. and 
	{Merrifield}, M.~R. and {Nichol}, R.~C. and {Oravetz}, D. and 
	{Pan}, K. and {Parejko}, J.~K. and {Sanchez}, S.~F. and {Schlegel}, D. and 
	{Simmons}, A. and {Steele}, O. and {Steinmetz}, M. and {Thanjavur}, K. and 
	{Thompson}, B.~A. and {Tinker}, J.~L. and {van den Bosch}, R.~C.~E. and 
	{Westfall}, K.~B. and {Wilkinson}, D. and {Wright}, S. and {Xiao}, T. and 
	{Zhang}, K.},
    title = "{Overview of the SDSS-IV MaNGA Survey: Mapping nearby Galaxies at Apache Point Observatory}",
  journal = {\apj},
archivePrefix = "arXiv",
   eprint = {1412.1482},
 keywords = {galaxies: evolution, galaxies: general, surveys, techniques: imaging spectroscopy},
     year = 2015,
    month = jan,
   volume = 798,
      eid = {7},
    pages = {7},
      doi = {10.1088/0004-637X/798/1/7},
   adsurl = {http://adsabs.harvard.edu/abs/2015ApJ...798....7B},
  adsnote = {Provided by the SAO/NASA Astrophysics Data System}
}

@inproceedings{wagstaff2013guiding,
  title={Guiding Scientific Discovery with Explanations Using DEMUD.},
  author={Wagstaff, Kiri L and Lanza, Nina L and Thompson, David R and Dietterich, Thomas G and Gilmore, Martha S},
  booktitle={AAAI},
  year={2013}
}

@ARTICLE{2018arXiv181203833C,
   author = {{Cherinka}, B. and {Andrews}, B.~H. and {S{\'a}nchez-Gallego}, J. and
    {Brownstein}, J. and {Argudo-Fern{\'a}ndez}, M. and {Blanton}, M. and
    {Bundy}, K. and {Jones}, A. and {Masters}, K. and {Law}, D.~R. and
    {Rowlands}, K. and {Weijmans}, A.-M. and {Westfall}, K. and
    {Yan}, R.},
    title = "{Marvin: A Toolkit for Streamlined Access and Visualization of the SDSS-IV MaNGA Data Set}",
  journal = {arXiv e-prints},
archivePrefix = "arXiv",
   eprint = {1812.03833},
 primaryClass = "astro-ph.IM",
 keywords = {Astrophysics - Instrumentation and Methods for Astrophysics, Astrophysics - Astrophysics of Galaxies},
     year = 2018,
    month = dec,
   adsurl = {http://adsabs.harvard.edu/abs/2018arXiv181203833C},
  adsnote = {Provided by the SAO/NASA Astrophysics Data System}
}